<?xml version = "1.0" encoding = "UTF-8"?><OAI-PMH xmlns="http://www.openarchives.org/OAI/2.0/" xmlns:xsi="http://www.w3.org/2001/XMLSchema-instance" xsi:schemaLocation="http://www.openarchives.org/OAI/2.0/ http://www.openarchives.org/OAI/2.0/OAI-PMH.xsd"><ListRecords><record><header><identifier>aleph-publish:015829875</identifier></header><metadata><record xmlns="http://www.ddb.de/professionell/mabxml/mabxml-1.xsd"><leader>00296nM2.01200024------h</leader><controlfield tag="LDR">00296nM2.01200024------h</controlfield><controlfield tag="FMT">MH</controlfield><datafield tag="001" ind1="-" ind2="1"><subfield code="a">TT002303245</subfield></datafield><datafield tag="002" ind1="a" ind2="1"><subfield code="a">20070615</subfield></datafield><datafield tag="003" ind1="-" ind2="1"><subfield code="a">20140304</subfield></datafield><datafield tag="004" ind1="-" ind2="1"><subfield code="a">20070312</subfield></datafield><datafield tag="025" ind1="o" ind2="1"><subfield code="a">1073972192</subfield></datafield><datafield tag="026" ind1="-" ind2="1"><subfield code="a">HBZTT002303245</subfield></datafield><controlfield tag="030">a|1uc||||||17</controlfield><datafield tag="036" ind1="a" ind2="1"><subfield code="a">DE</subfield></datafield><datafield tag="037" ind1="b" ind2="1"><subfield code="a">fre</subfield></datafield><controlfield tag="050">a|||||||||||||</controlfield><controlfield tag="051">at||||||</controlfield><datafield tag="070" ind1="-" ind2="1"><subfield code="a">5/Inst</subfield></datafield><datafield tag="070" ind1="a" ind2="1"><subfield code="a">5/Inst</subfield></datafield><datafield tag="070" ind1="b" ind2="1"><subfield code="a">5</subfield></datafield><datafield tag="080" ind1="-" ind2="1"><subfield code="a">60</subfield></datafield><datafield tag="100" ind1="-" ind2="1"><subfield code="p">Will, Edouard</subfield></datafield><datafield tag="331" ind1="-" ind2="1"><subfield code="a">Rome et les Séleucides</subfield></datafield><datafield tag="425" ind1="a" ind2="1"><subfield code="a">1972</subfield></datafield><datafield tag="590" ind1="-" ind2="1"><subfield code="a">Aufstieg und Niedergang der römischen Welt</subfield></datafield><datafield tag="591" ind1="-" ind2="1"><subfield code="a">hrsg. von Hildegard Temporini ...</subfield></datafield><datafield tag="592" ind1="-" ind2="1"><subfield code="a">1. Von den Anfängen Roms bis zum Ausgang der Republik</subfield></datafield><datafield tag="594" ind1="-" ind2="1"><subfield code="a">Berlin [u.a.]</subfield></datafield><datafield tag="595" ind1="-" ind2="1"><subfield code="a">1972</subfield></datafield><datafield tag="596" ind1="-" ind2="1"><subfield code="a">Bd. 1. Politische Geschichte, S. 590-632</subfield></datafield><datafield tag="599" ind1="-" ind2="1"><subfield code="a">HT001967154</subfield></datafield><controlfield tag="SYS">015829875</controlfield><datafield tag="LOW" ind1="-" ind2="1"><subfield code="a">Q1074</subfield></datafield><datafield tag="088" ind1=" " ind2=" "><subfield code="a">5/21</subfield><subfield code="b">00063001</subfield><subfield code="c">C 863 (1,1)</subfield><subfield code="e">keine ILL</subfield></datafield></record></metadata></record></ListRecords></OAI-PMH>